@Misc{carlsson:disposable,
  author =       {Magnus Carlsson},
  title =        {Types for disposable expressions},
  howpublished = {Forthcoming},
  year =         {1999},
}

